<record><leader>00000cas a22000007a 4500</leader><controlfield tag="001">18395522</controlfield><controlfield tag="008">880824d18821887paumr ne      0    0eng d</controlfield><datafield ind1=" " ind2=" " tag="010"><subfield code="a">sn 88084115 </subfield></datafield><datafield ind1=" " ind2=" " tag="040"><subfield code="a">PPM</subfield><subfield code="b">eng</subfield><subfield code="c">PPM</subfield><subfield code="d">NPH</subfield><subfield code="d">MGN</subfield><subfield code="d">OBN</subfield><subfield code="d">OCLCQ</subfield><subfield code="d">OCLCF</subfield><subfield code="d">OCLCO</subfield></datafield><datafield ind1="1" ind2=" " tag="029"><subfield code="a">AU@</subfield><subfield code="b">000020531258</subfield></datafield><datafield ind1=" " ind2=" " tag="042"><subfield code="a">msc</subfield></datafield><datafield ind1=" " ind2=" " tag="043"><subfield code="a">n-us-pa</subfield></datafield><datafield ind1=" " ind2="4" tag="050"><subfield code="a">E97.C2</subfield><subfield code="b">E23</subfield></datafield><datafield ind1="0" ind2=" " tag="130"><subfield code="a">Morning star (Carlisle, Pa.)</subfield></datafield><datafield ind1="1" ind2="4" tag="245"><subfield code="a">The morning star.</subfield></datafield><datafield ind1=" " ind2=" " tag="260"><subfield code="a">Carlisle, Pa. :</subfield><subfield code="b">Indian School</subfield></datafield><datafield ind1=" " ind2=" " tag="300"><subfield code="a">v.</subfield></datafield><datafield ind1=" " ind2=" " tag="310"><subfield code="a">Monthly</subfield></datafield><datafield ind1="1" ind2=" " tag="362"><subfield code="a">Began in 1882.</subfield></datafield><datafield ind1="0" ind2=" " tag="362"><subfield code="a">-v. 8, no. 2 (Dec. 1887).</subfield></datafield><datafield ind1=" " ind2=" " tag="588"><subfield code="a">Description based on: Vol. 4, no. 9 (Apr. 1884).</subfield></datafield><datafield ind1=" " ind2="0" tag="651"><subfield code="a">Carlisle (Pa.)</subfield><subfield code="v">Newspapers.</subfield></datafield><datafield ind1=" " ind2="0" tag="651"><subfield code="a">Cumberland County (Pa.)</subfield><subfield code="v">Newspapers.</subfield></datafield><datafield ind1=" " ind2="7" tag="655"><subfield code="a">Newspapers.</subfield><subfield code="2">fast</subfield><subfield code="0">(OCoLC)fst01423814</subfield></datafield><datafield ind1=" " ind2="7" tag="651"><subfield code="a">Pennsylvania</subfield><subfield code="z">Carlisle.</subfield><subfield code="2">fast</subfield><subfield code="0">(OCoLC)fst01202873</subfield></datafield><datafield ind1=" " ind2="7" tag="651"><subfield code="a">Pennsylvania</subfield><subfield code="z">Cumberland County.</subfield><subfield code="2">fast</subfield><subfield code="0">(OCoLC)fst01212513</subfield></datafield><datafield ind1=" " ind2=" " tag="752"><subfield code="a">United States</subfield><subfield code="b">Pennsylvania</subfield><subfield code="c">Cumberland</subfield><subfield code="d">Carlisle.</subfield></datafield><datafield ind1="0" ind2="0" tag="780"><subfield code="t">Eadle keatah toh</subfield><subfield code="w">(DLC)sn 83025935</subfield></datafield><datafield ind1="0" ind2="0" tag="785"><subfield code="t">Red man (Carlisle, Pa. : 1888)</subfield></datafield></record>